@book{EjemploLibro,
  author    = {Autor Ejemplo},
  title     = {Título del libro},
  year      = {2023},
  publisher = {Editorial Ejemplo},
  edition   = {2nd},
  volume    = {1},
  address   = {Ciudad, País},
  keywords  = {libro},
  isbn      = {978-3-16-148410-0},
  url       = {http://ejemplo.com/libro},
}
@article{EjemploArticulo,
  author    = {Autor Artículo},
  title     = {Título del artículo},
  journal   = {Revista Ejemplo},
  year      = {2023},
  volume    = {12},
  number    = {3},
  pages     = {45--67},
  doi       = {10.1234/revista.2023.67890},
  keywords  = {artículo},
}
@thesis{EjemploTesis,
  author       = {Autor Tesis},
  title        = {Título de la tesis},
  year         = {2022},
  school       = {Universidad Ejemplo},
  type         = {PhD Thesis},
  address      = {Ciudad, País},
  keywords     = {tesis, investigación},
  url          = {http://ejemplo.com/tesis},
}
@techreport{EjemploInforme,
  author    = {Autor Informe},
  title     = {Título del informe técnico},
  year      = {2023},
  institution = {Instituto Ejemplo},
  number    = {TR-2023-01},
  address   = {Ciudad, País},
  keywords  = {informe técnico},
  url       = {http://ejemplo.com/informe},
}
@incollection{EjemploCapituloLibro,
  author    = {Autor Capítulo},
  title     = {Título del capítulo},
  booktitle = {Título del libro},
  editor    = {Editor del libro},
  year      = {2023},
  publisher = {Editorial Ejemplo},
  pages     = {101--120},
  keywords  = {capítulo, libro},
}
@inproceedings{EjemploConferencia,
  author    = {Autor Conferencia},
  title     = {Título de la ponencia},
  booktitle = {Actas de la Conferencia Ejemplo},
  year      = {2023},
  address   = {Ciudad, País},
  pages     = {89--95},
  publisher = {Editorial Ejemplo},
  doi       = {10.1234/conferencia.2023.5678},
  keywords  = {conferencia, ponencia},
}
@newspaper{EjemploArticuloPeriodico,
  author    = {Autor Periódico},
  title     = {Título del artículo de periódico},
  year      = {2023},
  month     = {marzo},
  day       = {15},
  newspaper = {Periódico Ejemplo},
  pages     = {A3},
  keywords  = {periódico},
}
@patent{EjemploPatente,
  author     = {Autor Patente},
  title      = {Título de la patente},
  year       = {2023},
  number     = {US1234567A},
  address    = {Ciudad, País},
  keywords   = {patente},
}
@misc{EjemploSoftware,
  author    = {Autor Software},
  title     = {Título del software},
  year      = {2023},
  howpublished = {\url{http://ejemplo.com/software}},
  note      = {Accedido: 15 de marzo de 2023},
  keywords  = {software, programación},
}
@misc{EjemploPresentacion,
  author    = {Autor Presentación},
  title     = {Título de la presentación},
  year      = {2023},
  howpublished = {Presentación en conferencia Ejemplo},
  note      = {Disponible en: \url{http://ejemplo.com/presentacion}},
  keywords  = {presentación, conferencia},
}
